<record><leader>00000cas a22000007a 4500</leader><controlfield tag="001">12015457</controlfield><controlfield tag="008">850509d19631967nyudr ne      0    0eng d</controlfield><datafield ind1=" " ind2=" " tag="010"><subfield code="a">sn 85054126 </subfield></datafield><datafield ind1=" " ind2=" " tag="040"><subfield code="a">NYG</subfield><subfield code="b">eng</subfield><subfield code="c">NYG</subfield><subfield code="d">NYS</subfield><subfield code="d">OCL</subfield><subfield code="d">OCLCQ</subfield></datafield><datafield ind1=" " ind2=" " tag="042"><subfield code="a">msc</subfield></datafield><datafield ind1="0" ind2="0" tag="245"><subfield code="a">Star-gazette and advertiser.</subfield></datafield><datafield ind1="1" ind2="7" tag="246"><subfield code="a">Star-gazette</subfield></datafield><datafield ind1="3" ind2="0" tag="246"><subfield code="a">Sunday telegram</subfield></datafield><datafield ind1=" " ind2=" " tag="260"><subfield code="a">Elmira, N.Y. :</subfield><subfield code="b">[Elmira Star-Gazette],</subfield><subfield code="c">1963-1967.</subfield></datafield><datafield ind1=" " ind2=" " tag="300"><subfield code="a">v. :</subfield><subfield code="b">ill.</subfield></datafield><datafield ind1=" " ind2=" " tag="310"><subfield code="a">Daily</subfield></datafield><datafield ind1="0" ind2=" " tag="362"><subfield code="a">Feb. 1, 1963-v. 4, no. 307 (Jan. 21, 1967).</subfield></datafield><datafield ind1=" " ind2=" " tag="500"><subfield code="a">Sunday issue titled: Sunday telegram.</subfield></datafield><datafield ind1=" " ind2=" " tag="500"><subfield code="a">Special Elmira City Centennial ed. published: June 26, 1964.</subfield></datafield><datafield ind1=" " ind2="4" tag="651"><subfield code="a">Elmira (N.Y.)</subfield><subfield code="v">Newspapers.</subfield></datafield><datafield ind1=" " ind2=" " tag="752"><subfield code="a">United States</subfield><subfield code="b">New York</subfield><subfield code="c">Chemung</subfield><subfield code="d">Elmira.</subfield></datafield><datafield ind1="0" ind2="4" tag="780"><subfield code="t">Elmira star-gazette</subfield><subfield code="w">(DLC)sn 84031247</subfield><subfield code="w">(OCoLC)10766825</subfield></datafield><datafield ind1="0" ind2="4" tag="780"><subfield code="t">Elmira advertiser (Elmira, N.Y. : 1897)</subfield><subfield code="w">(DLC)sn 85054121</subfield></datafield><datafield ind1="0" ind2="0" tag="785"><subfield code="t">Star-gazette (Elmira, N.Y.)</subfield><subfield code="w">(DLC)sn 85054131</subfield></datafield><datafield ind1="1" ind2=" " tag="029"><subfield code="a">AU@</subfield><subfield code="b">000020380679</subfield></datafield></record>